<record xmlns="http://www.loc.gov/MARC21/slim" xmlns:xsi="http://www.w3.org/2001/XMLSchema-instance" xsi:schemaLocation="http://www.loc.gov/MARC21/slim http://www.loc.gov/standards/marcxml/schema/MARC21slim.xsd"><leader>01408nam a2200289   4500</leader><controlfield tag="001">001676712</controlfield><controlfield tag="003">NNU</controlfield><controlfield tag="006">m        d        </controlfield><controlfield tag="007">cr cn |||m|||a</controlfield><controlfield tag="008">150116s1951    ua      ob    000 0 ara d</controlfield><datafield ind1=" " ind2=" " tag="040"><subfield code="a">NNU</subfield><subfield code="b">eng</subfield><subfield code="c">NNU</subfield></datafield><datafield ind1="1" ind2=" " tag="100"><subfield code="a">Suwayf, Mu&#7779;&#7789;af&#225;,</subfield><subfield code="d">1924-</subfield></datafield><datafield ind1="1" ind2="3" tag="245"><subfield code="a">al-Usus al-nafs&#299;yah lil-ibd&#257;&#699; al-fann&#299; f&#299; al-shi&#699;r kh&#257;&#7779;&#7779;atan</subfield><subfield code="h">[electronic resource] /</subfield><subfield code="c">ta&#700;l&#299;f Mu&#7779;&#7789;af&#225; Suwayf ; muqaddimah bi-qalam Y&#363;suf Mur&#257;d.</subfield></datafield><datafield ind1=" " ind2=" " tag="260"><subfield code="a">Mi&#7779;r :</subfield><subfield code="b">D&#257;r al-Ma&#699;&#257;rif,</subfield><subfield code="c">1951.</subfield></datafield><datafield ind1=" " ind2=" " tag="300"><subfield code="a">online resource (16, 348 p.)</subfield></datafield><datafield ind1=" " ind2=" " tag="500"><subfield code="a">Title on added t.p.: The psychological basis of artistic creation in poetry.</subfield></datafield><datafield ind1=" " ind2=" " tag="500"><subfield code="a">Summary in English: p. 320-348.</subfield></datafield><datafield ind1=" " ind2=" " tag="500"><subfield code="a">Part of the Arabic Collections Online (ACO) project, contributed by New York Univeristy Libraries.</subfield></datafield><datafield ind1=" " ind2=" " tag="504"><subfield code="a">Includes bibliographical references (p. 320-325).</subfield></datafield><datafield ind1=" " ind2=" " tag="533"><subfield code="a">Electronic reproduction.</subfield><subfield code="b">New York, N.Y. :</subfield><subfield code="c">New York University,</subfield><subfield code="d">2015.</subfield><subfield code="5">NNU</subfield></datafield><datafield ind1="2" ind2=" " tag="710"><subfield code="a">New York University.</subfield><subfield code="b">Libraries.</subfield></datafield><datafield ind1="0" ind2=" " tag="730"><subfield code="a">Arabic Collections Online.</subfield></datafield><datafield ind1="0" ind2="1" tag="740"><subfield code="a">Psychological basis of artistic creation in poetry.</subfield></datafield><datafield ind1="0" ind2="8" tag="776"><subfield code="i">Print version:</subfield><subfield code="a">Suwayf, Mu&#7779;&#7789;af&#225;, 1924-</subfield><subfield code="t">al-Usus al-nafs&#299;yah lil-ibd&#257;&#699; al-fann&#299; f&#299; al-shi&#699;r kh&#257;&#7779;&#7779;atan</subfield><subfield code="w">(NNU)001676712</subfield></datafield><datafield ind1="4" ind2="0" tag="856"><subfield code="u">http://hdl.handle.net/2333.1/tdz08p3s</subfield></datafield><datafield ind1=" " ind2=" " tag="959"><subfield code="a">NNU</subfield><subfield code="b">WEB</subfield><subfield code="c">GENI</subfield><subfield code="t">0</subfield><subfield code="m">Electronic access</subfield><subfield code="s">01</subfield></datafield><datafield ind1=" " ind2=" " tag="999"><subfield code="i">NNU_001676712</subfield><subfield code="o" /><subfield code="e">(ERROR-880)</subfield></datafield></record>